<?xml version="1.0" encoding="UTF-8"?>
  <record xmlns="http://www.loc.gov/MARC21/slim" type="Authority">
    <leader>00000nz  a2200000nc 4500</leader>
    <controlfield tag="001">121119521</controlfield>
    <controlfield tag="003">DE-101</controlfield>
    <controlfield tag="005">20211222083812.0</controlfield>
    <controlfield tag="008">990601n||azznnaabn           | aaa    |c</controlfield>
    <datafield tag="024" ind1="7" ind2=" ">
      <subfield code="a">121119521</subfield>
      <subfield code="0">http://d-nb.info/gnd/121119521</subfield>
      <subfield code="2">gnd</subfield>
    </datafield>
    <datafield tag="035" ind1=" " ind2=" ">
      <subfield code="a">(DE-101)121119521</subfield>
    </datafield>
    <datafield tag="035" ind1=" " ind2=" ">
      <subfield code="a">(DE-588)121119521</subfield>
    </datafield>
    <datafield tag="035" ind1=" " ind2=" ">
      <subfield code="z">(DE-588)1063615658</subfield>
    </datafield>
    <datafield tag="035" ind1=" " ind2=" ">
      <subfield code="z">(DE-588a)121119521</subfield>
      <subfield code="9">v:zg</subfield>
    </datafield>
    <datafield tag="035" ind1=" " ind2=" ">
      <subfield code="z">(DE-588a)141946490</subfield>
    </datafield>
    <datafield tag="040" ind1=" " ind2=" ">
      <subfield code="a">DE-12</subfield>
      <subfield code="c">DE-12</subfield>
      <subfield code="9">r:DE-12</subfield>
      <subfield code="b">ger</subfield>
      <subfield code="d">2214</subfield>
    </datafield>
    <datafield tag="042" ind1=" " ind2=" ">
      <subfield code="a">gnd1</subfield>
    </datafield>
    <datafield tag="043" ind1=" " ind2=" ">
      <subfield code="c">XA-DE</subfield>
    </datafield>
    <datafield tag="065" ind1=" " ind2=" ">
      <subfield code="a">16.5p</subfield>
      <subfield code="2">sswd</subfield>
    </datafield>
    <datafield tag="075" ind1=" " ind2=" ">
      <subfield code="b">p</subfield>
      <subfield code="2">gndgen</subfield>
    </datafield>
    <datafield tag="075" ind1=" " ind2=" ">
      <subfield code="b">piz</subfield>
      <subfield code="2">gndspec</subfield>
    </datafield>
    <datafield tag="079" ind1=" " ind2=" ">
      <subfield code="a">g</subfield>
      <subfield code="q">a</subfield>
      <subfield code="q">f</subfield>
      <subfield code="q">z</subfield>
      <subfield code="q">h</subfield>
      <subfield code="q">s</subfield>
      <subfield code="u">k</subfield>
      <subfield code="u">v</subfield>
    </datafield>
    <datafield tag="100" ind1="0" ind2=" ">
      <subfield code="a">Katharine</subfield>
      <subfield code="c">Brandenburg, Kurfürstin</subfield>
      <subfield code="d">1549-1602</subfield>
    </datafield>
    <datafield tag="375" ind1=" " ind2=" ">
      <subfield code="a">2</subfield>
      <subfield code="2">iso5218</subfield>
    </datafield>
    <datafield tag="400" ind1="0" ind2=" ">
      <subfield code="a">Katharina</subfield>
      <subfield code="c">Brandenburg, Kurfürstin</subfield>
      <subfield code="d">1549-1602</subfield>
    </datafield>
    <datafield tag="400" ind1="0" ind2=" ">
      <subfield code="a">Catharina</subfield>
      <subfield code="c">Brandenburg, Kurfürstin</subfield>
      <subfield code="d">1549-1602</subfield>
    </datafield>
    <datafield tag="400" ind1="0" ind2=" ">
      <subfield code="a">Catharina</subfield>
      <subfield code="c">Brandenburg, Markgräfin</subfield>
      <subfield code="d">1549-1602</subfield>
    </datafield>
    <datafield tag="400" ind1="0" ind2=" ">
      <subfield code="a">Katharina</subfield>
      <subfield code="c">Brandenburg, Markgräfin</subfield>
      <subfield code="d">1549-1602</subfield>
    </datafield>
    <datafield tag="400" ind1="0" ind2=" ">
      <subfield code="a">Katharine</subfield>
      <subfield code="c">Brandenburg, Markgräfin</subfield>
      <subfield code="d">1549-1602</subfield>
    </datafield>
    <datafield tag="400" ind1="0" ind2=" ">
      <subfield code="a">Katharine</subfield>
      <subfield code="c">Küstrin, Markgräfin</subfield>
      <subfield code="d">1549-1602</subfield>
    </datafield>
    <datafield tag="400" ind1="0" ind2=" ">
      <subfield code="a">Katharina</subfield>
      <subfield code="c">Küstrin, Markgräfin</subfield>
      <subfield code="d">1549-1602</subfield>
    </datafield>
    <datafield tag="400" ind1="0" ind2=" ">
      <subfield code="a">Catharina</subfield>
      <subfield code="c">Küstrin, Markgräfin</subfield>
      <subfield code="d">1549-1602</subfield>
    </datafield>
    <datafield tag="400" ind1="0" ind2=" ">
      <subfield code="a">Katharine</subfield>
      <subfield code="c">Brandenburg-Küstrin, Markgräfin</subfield>
      <subfield code="d">1549-1602</subfield>
    </datafield>
    <datafield tag="400" ind1="0" ind2=" ">
      <subfield code="a">Katharina</subfield>
      <subfield code="c">Brandenburg-Küstrin, Markgräfin</subfield>
      <subfield code="d">1549-1602</subfield>
    </datafield>
    <datafield tag="400" ind1="0" ind2=" ">
      <subfield code="a">Catharina</subfield>
      <subfield code="c">Brandenburg-Küstrin, Markgräfin</subfield>
      <subfield code="d">1549-1602</subfield>
    </datafield>
    <datafield tag="400" ind1="1" ind2=" ">
      <subfield code="a">Brandenburg-Küstrin, Katharina &#152;von&#156;</subfield>
      <subfield code="d">1549-1602</subfield>
    </datafield>
    <datafield tag="400" ind1="0" ind2=" ">
      <subfield code="a">Katharine</subfield>
      <subfield code="c">Brandenburg-Küstrin, Kurfürstin</subfield>
      <subfield code="d">1549-1602</subfield>
      <subfield code="5">DE-18</subfield>
    </datafield>
    <datafield tag="500" ind1="0" ind2=" ">
      <subfield code="0">(DE-101)102111553</subfield>
      <subfield code="0">(DE-588)102111553</subfield>
      <subfield code="0">https://d-nb.info/gnd/102111553</subfield>
      <subfield code="a">Johann</subfield>
      <subfield code="b">I.</subfield>
      <subfield code="c">Brandenburg-Küstrin, Markgraf</subfield>
      <subfield code="d">1513-1571</subfield>
      <subfield code="4">bezf</subfield>
      <subfield code="4">https://d-nb.info/standards/elementset/gnd#familialRelationship</subfield>
      <subfield code="w">r</subfield>
      <subfield code="i">Beziehung familiaer</subfield>
      <subfield code="e">Beziehung familiaer</subfield>
      <subfield code="9">v:Vater</subfield>
    </datafield>
    <datafield tag="500" ind1="0" ind2=" ">
      <subfield code="0">(DE-101)117677256</subfield>
      <subfield code="0">(DE-588)117677256</subfield>
      <subfield code="0">https://d-nb.info/gnd/117677256</subfield>
      <subfield code="a">Joachim Friedrich</subfield>
      <subfield code="c">Brandenburg, Kurfürst</subfield>
      <subfield code="d">1546-1608</subfield>
      <subfield code="4">bezf</subfield>
      <subfield code="4">https://d-nb.info/standards/elementset/gnd#familialRelationship</subfield>
      <subfield code="w">r</subfield>
      <subfield code="i">Beziehung familiaer</subfield>
      <subfield code="e">Beziehung familiaer</subfield>
      <subfield code="9">v:Ehemann</subfield>
    </datafield>
    <datafield tag="500" ind1="0" ind2=" ">
      <subfield code="0">(DE-101)123510430</subfield>
      <subfield code="0">(DE-588)123510430</subfield>
      <subfield code="0">https://d-nb.info/gnd/123510430</subfield>
      <subfield code="a">Albrecht Friedrich</subfield>
      <subfield code="c">Brandenburg, Markgraf</subfield>
      <subfield code="d">1582-1600</subfield>
      <subfield code="4">bezf</subfield>
      <subfield code="4">https://d-nb.info/standards/elementset/gnd#familialRelationship</subfield>
      <subfield code="w">r</subfield>
      <subfield code="i">Beziehung familiaer</subfield>
      <subfield code="e">Beziehung familiaer</subfield>
      <subfield code="9">v:Sohn</subfield>
    </datafield>
    <datafield tag="500" ind1="0" ind2=" ">
      <subfield code="0">(DE-101)123510457</subfield>
      <subfield code="0">(DE-588)123510457</subfield>
      <subfield code="0">https://d-nb.info/gnd/123510457</subfield>
      <subfield code="a">August</subfield>
      <subfield code="c">Brandenburg, Markgraf</subfield>
      <subfield code="d">1580-1601</subfield>
      <subfield code="4">bezf</subfield>
      <subfield code="4">https://d-nb.info/standards/elementset/gnd#familialRelationship</subfield>
      <subfield code="w">r</subfield>
      <subfield code="i">Beziehung familiaer</subfield>
      <subfield code="e">Beziehung familiaer</subfield>
      <subfield code="9">v:Sohn</subfield>
    </datafield>
    <datafield tag="548" ind1=" " ind2=" ">
      <subfield code="a">1549-1602</subfield>
      <subfield code="4">datl</subfield>
      <subfield code="4">https://d-nb.info/standards/elementset/gnd#dateOfBirthAndDeath</subfield>
      <subfield code="w">r</subfield>
      <subfield code="i">Lebensdaten</subfield>
    </datafield>
    <datafield tag="548" ind1=" " ind2=" ">
      <subfield code="a">10.08.1549-30.09.1602</subfield>
      <subfield code="4">datx</subfield>
      <subfield code="4">https://d-nb.info/standards/elementset/gnd#dateOfBirthAndDeath</subfield>
      <subfield code="w">r</subfield>
      <subfield code="i">Exakte Lebensdaten</subfield>
    </datafield>
    <datafield tag="550" ind1=" " ind2=" ">
      <subfield code="0">(DE-101)948704330</subfield>
      <subfield code="0">(DE-588)4425673-5</subfield>
      <subfield code="0">https://d-nb.info/gnd/4425673-5</subfield>
      <subfield code="a">Kurfürstin</subfield>
      <subfield code="4">adel</subfield>
      <subfield code="4">https://d-nb.info/standards/elementset/gnd#titleOfNobility</subfield>
      <subfield code="w">r</subfield>
      <subfield code="i">Adelstitel</subfield>
    </datafield>
    <datafield tag="550" ind1=" " ind2=" ">
      <subfield code="0">(DE-101)947182535</subfield>
      <subfield code="0">(DE-588)4405761-1</subfield>
      <subfield code="0">https://d-nb.info/gnd/4405761-1</subfield>
      <subfield code="a">Apothekerin</subfield>
      <subfield code="4">beru</subfield>
      <subfield code="4">https://d-nb.info/standards/elementset/gnd#professionOrOccupation</subfield>
      <subfield code="w">r</subfield>
      <subfield code="i">Beruf</subfield>
    </datafield>
    <datafield tag="551" ind1=" " ind2=" ">
      <subfield code="0">(DE-101)041104110</subfield>
      <subfield code="0">(DE-588)4110411-0</subfield>
      <subfield code="0">https://d-nb.info/gnd/4110411-0</subfield>
      <subfield code="a">Küstrin</subfield>
      <subfield code="4">ortg</subfield>
      <subfield code="4">https://d-nb.info/standards/elementset/gnd#placeOfBirth</subfield>
      <subfield code="w">r</subfield>
      <subfield code="i">Geburtsort</subfield>
    </datafield>
    <datafield tag="551" ind1=" " ind2=" ">
      <subfield code="0">(DE-101)1001639863</subfield>
      <subfield code="0">(DE-588)16062584-1</subfield>
      <subfield code="0">https://d-nb.info/gnd/16062584-1</subfield>
      <subfield code="a">Cölln</subfield>
      <subfield code="g">Spree</subfield>
      <subfield code="4">orts</subfield>
      <subfield code="4">https://d-nb.info/standards/elementset/gnd#placeOfDeath</subfield>
      <subfield code="w">r</subfield>
      <subfield code="i">Sterbeort</subfield>
    </datafield>
    <datafield tag="667" ind1=" " ind2=" ">
      <subfield code="a">VD-17</subfield>
    </datafield>
    <datafield tag="670" ind1=" " ind2=" ">
      <subfield code="a">Europ. Stammtaf., 62</subfield>
    </datafield>
    <datafield tag="670" ind1=" " ind2=" ">
      <subfield code="a">Supellex epistolica Uffenbachii et Wolfiorum = Katalog der Uffenbach-Wolfschen Briefsammlung / hrsg. u. bearb. von Nilüfer Krüger. - Hamburg : Hauswedell, 1978. 2 Bde. - (Katalog der Handschriften der Staats- und Universitätsbibliothek Hamburg ; 8)</subfield>
    </datafield>
    <datafield tag="670" ind1=" " ind2=" ">
      <subfield code="a">Wikipedia</subfield>
      <subfield code="u">https://de.wikipedia.org/wiki/Katharina_von_Brandenburg-K%C3%BCstrin</subfield>
    </datafield>
    <datafield tag="678" ind1=" " ind2=" ">
      <subfield code="b">Tochter von Markgraf Johann von Brandenburg-Küstrin (1513-1571) und Herzogin Katharina von Braunschweig-Wolfenbüttel (1518-1574); ab 1570 Gemahlin des Kurfürsten Joachim Friedrich von Brandenburg (1546-1608); gründete die Hofapotheke im Berliner Schloss</subfield>
    </datafield>
    <datafield tag="913" ind1=" " ind2=" ">
      <subfield code="S">pnd</subfield>
      <subfield code="i">5</subfield>
      <subfield code="a">Katharine &lt;Brandenburg, Kurfürstin&gt;</subfield>
      <subfield code="0">(DE-588a)121119521</subfield>
    </datafield>
  </record>
